@book{GONZALEZ2010,
  author    = {Rafael C. Gonzalez and Richard E. Woods}, 
  title     = {Processamento digital de imagens},
  publisher = {Pearson Education do Brasil},
  year      = 2010,
  address   = {SÃ£o Paulo},
  edition   = 3,
  isbn      = {978-85-8143-586-2}
}

